@article{zeng2021deep,
  title   = {Deep learning for scene classification: A survey},
  author  = {Zeng, Delu and Liao, Minyu and Tavakolian, Mohammad and Guo, Yulan and Zhou, Bolei and Hu, Dewen and Pietik{\"a}inen, Matti and Liu, Li},
  journal = {arXiv preprint arXiv:2101.10531},
  year    = {2021}
}

@inproceedings{zhang2018context,
  title     = {Context encoding for semantic segmentation},
  author    = {Zhang, Hang and Dana, Kristin and Shi, Jianping and Zhang, Zhongyue and Wang, Xiaogang and Tyagi, Ambrish and Agrawal, Amit},
  booktitle = {Proceedings of the IEEE conference on Computer Vision and Pattern Recognition},
  pages     = {7151--7160},
  year      = {2018}
}
@inproceedings{song2015sun,
  title     = {Sun rgb-d: A rgb-d scene understanding benchmark suite},
  author    = {Song, Shuran and Lichtenberg, Samuel P and Xiao, Jianxiong},
  booktitle = {Proceedings of the IEEE conference on computer vision and pattern recognition},
  pages     = {567--576},
  year      = {2015}
}
@inproceedings{silberman2012indoor,
  title        = {Indoor segmentation and support inference from rgbd images},
  author       = {Silberman, Nathan and Hoiem, Derek and Kohli, Pushmeet and Fergus, Rob},
  booktitle    = {European conference on computer vision},
  pages        = {746--760},
  year         = {2012},
  organization = {Springer}
}

@article{iizuka2016let,
  title     = {Let there be color! Joint end-to-end learning of global and local image priors for automatic image colorization with simultaneous classification},
  author    = {Iizuka, Satoshi and Simo-Serra, Edgar and Ishikawa, Hiroshi},
  journal   = {ACM Transactions on Graphics (ToG)},
  volume    = {35},
  number    = {4},
  pages     = {1--11},
  year      = {2016},
  publisher = {ACM New York, NY, USA}
}

@inproceedings{bassiouny2014semantic,
  title        = {Semantic segmentation as image representation for scene recognition},
  author       = {Bassiouny, Ahmed and El-Saban, Motaz},
  booktitle    = {2014 IEEE International Conference on Image Processing (ICIP)},
  pages        = {981--985},
  year         = {2014},
  organization = {IEEE}
}

@inproceedings{yao2012describing,
  title        = {Describing the scene as a whole: Joint object detection, scene classification and semantic segmentation},
  author       = {Yao, Jian and Fidler, Sanja and Urtasun, Raquel},
  booktitle    = {2012 IEEE conference on computer vision and pattern recognition},
  pages        = {702--709},
  year         = {2012},
  organization = {IEEE}
}

@inproceedings{mehta2018net,
  title        = {Y-Net: joint segmentation and classification for diagnosis of breast biopsy images},
  author       = {Mehta, Sachin and Mercan, Ezgi and Bartlett, Jamen and Weaver, Donald and Elmore, Joann G and Shapiro, Linda},
  booktitle    = {International Conference on Medical Image Computing and Computer-Assisted Intervention},
  pages        = {893--901},
  year         = {2018},
  organization = {Springer}
}









% Artykuł w recenzowanym czasopiśmie.
@article{szczypiorski2015,
  author    = {Szczypiorski, K. and Janicki, A. and Wendzel, S},
  title     = {{T}he {G}ood, {T}he {B}ad {A}nd {T}he {U}gly: {E}valuation of {W}i-{F}i {S}teganography},
  journal   = {Journal of Communications},
  volume    = {10},
  number    = {10},
  pages     = {747--752},
  publisher = {Journal of Communications (JCM)},
  year      = {2015}
}

% Książka.
@book{goossens93,
  author    = {Michel Goossens and Frank Mittelbach and Alexander Samarin},
  title     = {The LaTeX Companion},
  publisher = {Addison-Wesley},
  address   = {Reading, Massachusetts},
  year      = {1993}
}

% Fragment książki (np. zakres stron).
@inbook{wang97,
  author    = {Hao Wang},
  title     = {A Logical Journey: From G{\"o}del to Philosophy.},
  publisher = {A Bradford Book},
  pages     = {316},
  year      = {1997}
}

% Fragment książki (np. esej), posiadający własny tytuł.
@incollection{goedel95,
  author    = {Kurt G{\"o}del},
  title     = {Texts relating to the ontological proof},
  booktitle = {Unpublished Essays and Lectures},
  publisher = {Oxford University Press},
  pages     = {429--437},
  year      = {1995}
}

% Publikacja konferencyjna.
@inproceedings{benzmuller2014,
  author       = {{Ch}. Benzmuller and B. W. Paleo},
  title        = {Automating {G\"o}del’s {O}ntological {P}roof of {G}od’s {E}xistence with {H}igher-order {A}utomated {T}heorem {P}rovers},
  booktitle    = {European	Conference on Artificial Intelligence},
  publisher    = {IOS Press},
  howpublished = {Dostęp zdalny (10.04.2019): \url{http://page.mi.fu-berlin.de/cbenzmueller/papers/C40.pdf}},
  year         = {2014}
}

% Raport techniczny.
@techreport{duqu2011,
  author      = {Bencsáth, B. and Pék, G. and Buttyán, L. and Félegyházi M.},
  title       = {{D}uqu: {A} {S}tuxnet-like malware found in the wild},
  institution = {Laboratory of Cryptography and System Security, Hungary},
  year        = {2011}
}

% Specyfikacja techniczna.
@manual{shs2015,
  title        = {{FIPS} 180-4: {S}ecure {H}ash {S}tandard ({SHS})},
  howpublished = {Dostęp zdalny (13.03.2019): \url{https://nvlpubs.nist.gov/nistpubs/FIPS/NIST.FIPS.180-4.pdf}},
  year         = {2015}
}

% Praca magisterska.
@mastersthesis{wozniak2018,
  author = {Woźniak, Piotr},
  title  = {{P}rogramowanie kwadratowe w usuwaniu efektu rozmycia ruchu w fotografii cyfrowej},
  school = {Wydział Elektroniki i Technik Informacyjnych, Politechnika Warszawska},
  year   = {2018}
}

% Nieopublikowany artykuł, dostępny np. tylko w internecie.
@unpublished{koons2005,
  author = {Koons, Robert C.},
  title  = {{S}obel on {G\"o}del’s {O}ntological {P}roof},
  note   = {Dostęp zdalny (25.04.2019): \url{http://www.robkoons.net/media/69b0dd04a9d2fc6dffff80b4ffffd524.pdf}},
  year   = {2005}
}

% Źródło innego typu, np. repozytorium na GitHubie.
@misc{dcp19,
  author       = {Brodzki, Artur M.},
  title        = {{I}mplementation of own steganography protocol {DCP}-19, loosely based on {HICCUPS}},
  howpublished = {Dostęp zdalny (14.03.2019): \url{https://github.com/ArturB/DCP-19}},
  year         = {2019}
}

@article{huang2020normalization,
  title   = {Normalization techniques in training dnns: Methodology, analysis and application},
  author  = {Huang, Lei and Qin, Jie and Zhou, Yi and Zhu, Fan and Liu, Li and Shao, Ling},
  journal = {arXiv preprint arXiv:2009.12836},
  year    = {2020}
}