@article{zeng2021deep,
  title   = {Deep learning for scene classification: A survey},
  author  = {Zeng, Delu and Liao, Minyu and Tavakolian, Mohammad and Guo, Yulan and Zhou, Bolei and Hu, Dewen and Pietik{\"a}inen, Matti and Liu, Li},
  journal = {arXiv preprint arXiv:2101.10531},
  year    = {2021}
}

@inproceedings{zhang2018context,
  title     = {Context encoding for semantic segmentation},
  author    = {Zhang, Hang and Dana, Kristin and Shi, Jianping and Zhang, Zhongyue and Wang, Xiaogang and Tyagi, Ambrish and Agrawal, Amit},
  booktitle = {Proceedings of the IEEE conference on Computer Vision and Pattern Recognition},
  pages     = {7151--7160},
  year      = {2018}
}
@inproceedings{song2015sun,
  title     = {Sun rgb-d: A rgb-d scene understanding benchmark suite},
  author    = {Song, Shuran and Lichtenberg, Samuel P and Xiao, Jianxiong},
  booktitle = {Proceedings of the IEEE conference on computer vision and pattern recognition},
  pages     = {567--576},
  year      = {2015}
}
@inproceedings{silberman2012indoor,
  title        = {Indoor segmentation and support inference from rgbd images},
  author       = {Silberman, Nathan and Hoiem, Derek and Kohli, Pushmeet and Fergus, Rob},
  booktitle    = {European conference on computer vision},
  pages        = {746--760},
  year         = {2012},
  organization = {Springer}
}

@article{iizuka2016let,
  title     = {Let there be color! Joint end-to-end learning of global and local image priors for automatic image colorization with simultaneous classification},
  author    = {Iizuka, Satoshi and Simo-Serra, Edgar and Ishikawa, Hiroshi},
  journal   = {ACM Transactions on Graphics (ToG)},
  volume    = {35},
  number    = {4},
  pages     = {1--11},
  year      = {2016},
  publisher = {ACM New York, NY, USA}
}

@inproceedings{bassiouny2014semantic,
  title        = {Semantic segmentation as image representation for scene recognition},
  author       = {Bassiouny, Ahmed and El-Saban, Motaz},
  booktitle    = {2014 IEEE International Conference on Image Processing (ICIP)},
  pages        = {981--985},
  year         = {2014},
  organization = {IEEE}
}

@inproceedings{yao2012describing,
  title        = {Describing the scene as a whole: Joint object detection, scene classification and semantic segmentation},
  author       = {Yao, Jian and Fidler, Sanja and Urtasun, Raquel},
  booktitle    = {2012 IEEE conference on computer vision and pattern recognition},
  pages        = {702--709},
  year         = {2012},
  organization = {IEEE}
}

@inproceedings{mehta2018net,
  title        = {Y-Net: joint segmentation and classification for diagnosis of breast biopsy images},
  author       = {Mehta, Sachin and Mercan, Ezgi and Bartlett, Jamen and Weaver, Donald and Elmore, Joann G and Shapiro, Linda},
  booktitle    = {International Conference on Medical Image Computing and Computer-Assisted Intervention},
  pages        = {893--901},
  year         = {2018},
  organization = {Springer}
}